% ------------------------------------------------------------------------
% BIBLIOGRAPHY FILE
% ------------------------------------------------------------------------

@ARTICLE{LHC,
 title={{LHC Machine}},
 volume={3},
 DOI={10.1088/1748-0221/3/08/S08001},
 number={08},
 journal={JINST},
 publisher={IOP Publishing},
 author={Evans, L. and Bryant, P.},
 year={2008},
 pages={S08001}
}

@ARTICLE{CMS,
 title={{The CMS experiment at the CERN LHC}},
 volume={3},
 url={http://dx.doi.org/10.1088/1748-0221/3/08/S08004},
 DOI={10.1088/1748-0221/3/08/S08004},
 number={08},
 journal={JINST},
 publisher={IOP Publishing},
 author={{The CMS Collaboration}},
 year={2008},
 month={Aug},
 pages={S08004}
}

@ARTICLE{CMS_Higgs,
title = {{Observation of a new boson at a mass of 125 GeV with the CMS experiment at the LHC}},
journal = "Physics Letters B ",
volume = "716",
number = "1",
pages = "30-61",
year = "2012",
note = "",
issn = "0370-2693",
doi = "http://dx.doi.org/10.1016/j.physletb.2012.08.021",
url = "http://www.sciencedirect.com/science/article/pii/S0370269312008581",
author = {{The CMS Collaboration}},
keywords = "\{CMS\}",
keywords = "Physics",
keywords = "Higgs "
}

@BOOK{CMS_TDR1,
 author = {{The CMS Collaboration}},
 title        = {{CMS Physics: Technical Design Report Volume 1: Detector Performance and Software}},
 publisher    = "CERN",
 address      = "Geneva",
 series       = "Technical Design Report CMS",
 year         = "2006"
}

@article{CMS_TDR2,
  author = {{The CMS Collaboration}},
  title={{CMS Physics Technical Design Report, Volume II: Physics Performance}},
  journal={Journal of Physics G: Nuclear and Particle Physics},
  volume={34},
  number={6},
  pages={995},
  url={http://stacks.iop.org/0954-3899/34/i=6/a=S01},
  year={2007}
}

@article{CMS_Solenoid,
  author={{The CMS Collaboration}},
  title={{Precise mapping of the magnetic field in the CMS barrel yoke using cosmic rays}},
  journal={Journal of Instrumentation},
  volume={5},
  number={03},
  url={http://stacks.iop.org/1748-0221/5/i=03/a=T03021},
  year={2010}
}

@INPROCEEDINGS{Blewett,
  author = 	 {Blewett, J.P.},
  title = 	 {{200 GeV intersecting storage accelerators}},
  booktitle = {Proceedings of The 8th International Conference on High-Energy Accelerators},
  pages = 	 {501},
  year = 	 {1971},
  address = {Geneva, Switzerland},
  organization = {CERN}
}

% ------------------------------------------------------------------------
